@inproceedings{kajiya,
 author = {Kajiya, James T.},
 title = {The rendering equation},
 booktitle = {Proceedings of the 13th annual conference on Computer graphics and interactive techniques},
 series = {SIGGRAPH '86},
 year = {1986},
 isbn = {0-89791-196-2},
 pages = {143--150},
 numpages = {8},
 doi = {10.1145/15922.15902},
 acmid = {15902},
 publisher = {ACM},
 address = {New York, NY, USA},
}

@inproceedings{octahedronpaper,
author = {Thomas Engelhardt and Carsten Dachsbacher},
title = {Octahedron Environment Maps},
booktitle = {Proceedings of Vision, Modeling, and Visualization 2008},
year = {2008},
}

@phdthesis{veachdiss,
 author = {Veach, Eric},
 advisor = {Guibas, Leonidas J.},
 title = {Robust Monte Carlo Methods for Light Transport Simulation},
 year = {1998},
 isbn = {0-591-90780-1},
 note = {AAI9837162},
 publisher = {Stanford University},
 address = {Stanford, CA, USA},	
} 

@misc{mitsuba,
   Author = {Wenzel Jakob},
   Year = {2010},
   Note = {http://www.mitsuba-renderer.org},
   Title = {Mitsuba renderer}
} 


@INPROCEEDINGS{idpt,
    author = {Henrik Wann Jensen},
    title = {Importance Driven Path Tracing using the Photon Map},
    booktitle = {in Eurographics Rendering Workshop},
    year = {1995},
    pages = {326--335},
    publisher = {Springer-Verlag}
}

@INPROCEEDINGS{lafortune93,
    author = {Eric P. Lafortune and Yves D. Willems},
    title = {Bi-Directional Path Tracing},
    booktitle = {Proceedings of third international conference on computational graphics and visualization techniques (Compugraphics ’93)},
    year = {1993},
    pages = {145--153},
    publisher = {}
}

@TECHREPORT{lafortune96,
    author = {Eric Lafortune},
    title = {Mathematical Models and Monte Carlo Algorithms for Physically Based Rendering},
    institution = {},
    year = {1996}
}

@inproceedings{mltveach,
 author = {Veach, Eric and Guibas, Leonidas J.},
 title = {Metropolis Light Transport},
 booktitle = {Proceedings of the 24th Annual Conference on Computer Graphics and Interactive Techniques},
 series = {SIGGRAPH '97},
 year = {1997},
 isbn = {0-89791-896-7},
 pages = {65--76},
 numpages = {12},
 url = {http://dx.doi.org/10.1145/258734.258775},
 doi = {10.1145/258734.258775},
 acmid = {258775},
 publisher = {ACM Press/Addison-Wesley Publishing Co.},
 address = {New York, NY, USA},
 keywords = {Markov Chain Monte Carlo methods, Metropolis-Hastings algorithm, Monte Carlo integration, global illumination, lighting simulation, physically-based rendering, radiative heat transfer, variance reduction},
} 

@misc{survey,
author = {Dietger van Antwerpen},
year = {2011},
title = {A Survey of Importance Sampling Applications in Unbiased Physically Based Rendering},
}

@article{kdref1,
 author = {Bentley, Jon Louis},
 title = {Multidimensional Binary Search Trees Used for Associative Searching},
 journal = {Commun. ACM},
 issue_date = {Sept. 1975},
 volume = {18},
 number = {9},
 month = sep,
 year = {1975},
 issn = {0001-0782},
 pages = {509--517},
 numpages = {9},
 url = {http://doi.acm.org/10.1145/361002.361007},
 doi = {10.1145/361002.361007},
 acmid = {361007},
 publisher = {ACM},
 address = {New York, NY, USA},
 keywords = {associative retrieval, attribute, binary search trees, binary tree insertion, information retrieval system, intersection queries, key, nearest neighbor queries, partial match queries},
} 

@online{nanoflann,
title = {nanoflann: a C++ header-only fork of FLANN, a library for k-d trees},
year = {2014},
month = {october},
url = {https://github.com/jlblancoc/nanoflann},
}

@article{ward,
 author = {Ward, Gregory J. and Rubinstein, Francis M. and Clear, Robert D.},
 title = {A Ray Tracing Solution for Diffuse Interreflection},
 journal = {SIGGRAPH Comput. Graph.},
 issue_date = {Aug. 1988},
 volume = {22},
 number = {4},
 month = jun,
 year = {1988},
 issn = {0097-8930},
 pages = {85--92},
 numpages = {8},
 url = {http://doi.acm.org/10.1145/378456.378490},
 doi = {10.1145/378456.378490},
 acmid = {378490},
 publisher = {ACM},
 address = {New York, NY, USA},
 keywords = {Monte Carlo technique, caching, diffuse, illuminance, interreflection, luminance, radiosity, ray tracing, rendering, specular},
} 

@article{epanechnikov,
title = {On robust Monte Carlo algorithms for multi-pass global illumination},
author = {Frank Suykens},
year = {2002},
}

@inproceedings{ppm,
 author = {Hachisuka, Toshiya and Ogaki, Shinji and Jensen, Henrik Wann},
 title = {Progressive Photon Mapping},
 booktitle = {ACM SIGGRAPH Asia 2008 Papers},
 series = {SIGGRAPH Asia '08},
 year = {2008},
 isbn = {978-1-4503-1831-0},
 location = {Singapore},
 pages = {130:1--130:8},
 articleno = {130},
 numpages = {8},
 url = {http://doi.acm.org/10.1145/1457515.1409083},
 doi = {10.1145/1457515.1409083},
 acmid = {1409083},
 publisher = {ACM},
 address = {New York, NY, USA},
 keywords = {density estimation, global illumination, photon mapping, sampling and reconstruction},
} 

@PhDThesis{irrc1,
	title = "Efficient Monte Carlo Methods for Light Transport in Scattering Media",
	author = "Wojciech Jarosz",
	year = "2008",
	month = "September",
	school = "UC San Diego"
}

@misc{ward2,
author = {Gregory J. Ward and Paul S. Heckbert},
title = {Irradiance Gradients},
year = {1992},
}


@MISC{phomaps0,
    author = {Henrik Wann Jensen and Niels Jørgen Christensen},
    title = {Photon Maps in Bidirectional Monte Carlo Ray Tracing of Complex Objects},
    year = {1994}
}


@inproceedings{phomaps1,
 author = {Jensen, Henrik Wann},
 title = {Global Illumination Using Photon Maps},
 booktitle = {Proceedings of the Eurographics Workshop on Rendering Techniques '96},
 year = {1996},
 isbn = {3-211-82883-4},
 location = {Porto, Portugal},
 pages = {21--30},
 numpages = {10},
 url = {http://dl.acm.org/citation.cfm?id=275458.275461},
 acmid = {275461},
 publisher = {Springer-Verlag},
 address = {London, UK, UK},
 keywords = {Monte Carlo, global illumination, photon maps, ray tracing},
} 

@inproceedings{phomaps2,
 author = {Jensen, Henrik Wann},
 title = {A Practical Guide to Global Illumination Using Ray Tracing and Photon Mapping},
 booktitle = {ACM SIGGRAPH 2004 Course Notes},
 series = {SIGGRAPH '04},
 year = {2004},
 location = {Los Angeles, CA},
 articleno = {20},
 url = {http://doi.acm.org/10.1145/1103900.1103920},
 doi = {10.1145/1103900.1103920},
 acmid = {1103920},
 publisher = {ACM},
 address = {New York, NY, USA},
} 

@misc{mentalray,
title = {Understanding Final Gather},
url = {http://blog.digitaltutors.com/understanding-final-gather/},
author = {Mark Masters},
year = {8.12.2013},
}

@misc{finalg,
author = {Zack Waters},
title = {Photon Mapping},
url = {http://web.cs.wpi.edu/~emmanuel/courses/cs563/write_ups/zackw/photon_mapping/PhotonMapping.html},
note = {visited: 25.01.2015},
}